%
%  $Description: Bibliiography of Survey on Orchestration $
%
%  $Author: Aneesh Neelam <aneelam@ucsc.edu> $
%  $Date: 2016/12/02 23:30:00 $
%  $Revision: 1.0 $
%

@Article{intro_infiniband,
   author = "{Mellanox Technologies}",
   title = "{Introduction} to {InfiniBand}",
   year = "2003",
}

@Article{ex1,
   author =   "Author, Ivan Marc",
   title =   "Some Related Article {I} Wrote",
   journal =   "Some Fine Journal",
   month = "January",
   number = "7",
   year =   "1999",
   volume =   "99",
   pages =   "1-100",
}


@Book{ex2,
   author =   "Expert, Andreas Nikolaos",
   title =   "A Book He Wrote",
   publisher =   "His Publisher",
   address = "Erewhon, NC",
   year =   "1999"
}
